@misc{Cfam,
    title = "C-family Programming Languages",
    author = "Wikipedia",
    year = 2020,
    lastaccessed = "April 1, 2020",
    url = "https://wikipedia.org/wiki/List_of_C-family_programming_languages"
}

@misc{Langlst,
    title = "List of Programming Languages",
    author = "Wikipedia",
    year = 2020,
    lastaccessed = "April 1, 2020",
    url = "https://wikipedia.org/wiki/List_of_programming_languages"
}

@misc{CI,
    title = "Crafting Interpreters",
    author = "Robert Nystrom",
    year = 2020,
    lastaccessed = "April 1, 2020",
    url = "https://craftinginterpreters.com/"
}

@misc{Python,
    title = "Python (Programming Language)",
    author = "Guido van Rossum",
    year = 2020,
    lastaccessed = "April 1, 2020",
    url = "https://wikipedia.org/wiki/Python_(programming_language)"
}

@misc{Rust,
    title = "Rust (Programming Language)",
    author = "Graydon Hoare (Mozilla)",
    year = 2020,
    lastaccessed = "April 1, 2020",
    url = "https://wikipedia.org/wiki/Rust_(programming_language)"
}

@misc{Nim,
    title = "Nim (Programming Language)",
    author = "Andreas Rumpf",
    year = 2020,
    lastaccessed = "April 1, 2020",
    url = "https://wikipedia.org/wiki/Nim_(programming_language)"
}

@misc{Go,
    title = "Go (Programming Language)",
    author = "Ken Thompson et al (The Go Authors)",
    year = 2020,
    lastaccessed = "April 1, 2020",
    url = "https://wikipedia.org/wiki/Go_(programming_language)"
}

@misc{Rocket,
    title = "Rocket (Programming Language)",
    author = "Abubakar Nur Khalil",
    year = 2020,
    lastaccessed = "April 1, 2020",
    url = "https://github.com/Zero-1729/rocket"
}

@misc{BASIC,
    title = "BASIC (Programming Language)",
    author = "John G. Kemeny \& Thomas E. Kurtz",
    year = 2020,
    lastaccessed = "April 1, 2020",
    url = "https://wikipedia.org/wiki/BASIC"
}